<?xml version="1.0" encoding="UTF-8"?><record xmlns="http://www.loc.gov/MARC21/slim" xmlns:cinclude="http://apache.org/cocoon/include/1.0" xmlns:zs="http://www.loc.gov/zing/srw/">
  <leader>00467nz  a2200133n  4500</leader>
  <controlfield tag="001">no2010208728</controlfield>
  <controlfield tag="003">DLC</controlfield>
  <controlfield tag="005">20101231075137.0</controlfield>
  <controlfield tag="008">101229n| acannaabn          |n ana     c</controlfield>
  <datafield tag="010" ind1=" " ind2=" ">
    <subfield code="a">no2010208728</subfield>
  </datafield>
  <datafield tag="035" ind1=" " ind2=" ">
    <subfield code="a">(OCoLC)oca08726554</subfield>
  </datafield>
  <datafield tag="040" ind1=" " ind2=" ">
    <subfield code="a">PCarlMH</subfield>
    <subfield code="b">eng</subfield>
    <subfield code="c">PCarlMH</subfield>
  </datafield>
  <datafield tag="110" ind1="1" ind2=" ">
    <subfield code="a">United States.</subfield>
    <subfield code="b">Army.</subfield>
    <subfield code="b">Signal Operations Battalion, 301st.</subfield>
    <subfield code="b">Company A</subfield>
  </datafield>
  <datafield tag="670" ind1=" " ind2=" ">
    <subfield code="a">History of Company A, 301st Signal Operation Battalion, 1945:</subfield>
    <subfield code="b">t.p. (301st Signal Operation Battalion, Company A)</subfield>
  </datafield>
</record>